@inproceedings{alencar1996formal,
  title={A formal approach to architectural design patterns},
  author={Alencar, Paulo SC and Cowan, Donald D and Lucena, Carlos Jos{\'e} Pereira de},
  booktitle={International Symposium of Formal Methods Europe},
  pages={576--594},
  year={1996},
  organization={Springer}
}

@article{hilliard2000ieee,
  title={Ieee-std-1471-2000 recommended practice for architectural description of software-intensive systems},
  author={Hilliard, Rich},
  journal={IEEE, http://standards. ieee. org},
  volume={12},
  number={16-20},
  pages={2000},
  year={2000}
}

@article{thones2015microservices,
  title={Microservices},
  author={Th{\"o}nes, Johannes},
  journal={IEEE software},
  volume={32},
  number={1},
  pages={116--116},
  year={2015},
  publisher={IEEE}
}